@article{Brun:1997pa,
      author         = "Brun, R. and Rademakers, F.",
      title          = "{ROOT: An object oriented data analysis framework}",
      booktitle      = "{New computing techniques in physics research V.
                        Proceedings, 5th International Workshop, AIHENP '96,
                        Lausanne, Switzerland, September 2-6, 1996}",
      journal        = "Nucl. Instrum. Meth.",
      volume         = "A389",
      year           = "1997",
      pages          = "81-86",
      doi            = "10.1016/S0168-9002(97)00048-X",
      SLACcitation   = "%%CITATION = NUIMA,A389,81;%%"
}

@unpublished{Burr:2019chep,
	title = {Sustainable software packaging for end users with conda},
	author = {Chris Burr and Henry Fredrick Schreiner and Enrico Guiraud and Javier Cervantes Villanueva and Ben Couturier},
	year = {2019},
	note = {{CHEP 2019}},
	url = {https://indico.cern.ch/event/773049/contributions/3473243/},
}